@techreport{atc13,
  Address = {California},
  Author = {{Applied Technology Council}},
  Date-Modified = {2011-03-21 13:46:44 +0100},
  Institution = {Seismic Safety Commission, Applied Technology Council (  extsc{atc})},
  Keywords = {ATC},
  Owner = {oropeza},
  Timestamp = {2008.01.11},
  Title = {{E}arthquake damage evaluation data for {C}alifornia},
  Year = {1985}}
